<?xml version="1.0" encoding="UTF-8"?><collection xmlns="http://www.loc.gov/MARC21/slim"><record><leader>00717nam--2200193-i-4500</leader><controlfield tag="001">000017263</controlfield><controlfield tag="002">20161230</controlfield><controlfield tag="005">20161230201032</controlfield><controlfield tag="008">060222s1000------------r-----000-0-eng-d</controlfield><datafield ind1=" " ind2=" " tag="020"><subfield code="a">9282599280</subfield></datafield><datafield ind1=" " ind2=" " tag="040"><subfield code="a">IFIN-HH</subfield></datafield><datafield ind1=" " ind2=" " tag="080"><subfield code="a">539.16.07</subfield></datafield><datafield ind1="1" ind2=" " tag="110"><subfield code="a">Commission Of The European Communities</subfield></datafield><datafield ind1="1" ind2="0" tag="245"><subfield code="a">Environmental radioactivity in the european community 1984-1985-1986</subfield><subfield code="b">Dg xi: environment, nuclear safety and civil protection (luxembourg)jrc, environmental institute (ispra)</subfield></datafield><datafield ind1=" " ind2=" " tag="260"><subfield code="a">Luxembourg</subfield><subfield code="b">Office For Official Publications Of The European Communities</subfield><subfield code="c">1989</subfield></datafield><datafield ind1=" " ind2=" " tag="300"><subfield code="a">145p</subfield></datafield><datafield ind1=" " ind2=" " tag="490"><subfield code="a">Nuclear Science And Technology</subfield><subfield code="v">Eur 12254 En</subfield></datafield><datafield ind1=" " ind2=" " tag="852"><subfield code="a">80163</subfield><subfield code="c">539.16</subfield></datafield><datafield ind1=" " ind2=" " tag="CAT"><subfield code="a">Sys</subfield><subfield code="c">20120516</subfield><subfield code="h">094358</subfield></datafield></record></collection>